@article{greenwade93,
    author  = "George D. Greenwade",
    title   = "The {C}omprehensive {T}ex {A}rchive {N}etwork ({CTAN})",
    year    = "1993",
    journal = "TUGBoat",
    volume  = "14",
    number  = "3",
    pages   = "342--351"
}

@misc{python,
  title = {About Python},
  howpublished = {https://www.python.org/about/},
  note = {Accessed: 2023-11-18}
}

@misc{tkinter,
  title = {Tkinter Wiki},
  howpublished = {https://wiki.python.org/moin/TkInter},
  note = {Accessed: 2023-11-18}
}

@misc{pygount,
  title = {pygount},
  howpublished = {https://pygount.readthedocs.io/en/latest/index.html},
  note = {Accessed: 2023-11-19}
}





